@inproceedings{ref1,
  author = {John, Doe and Smith, Jane},
  title = {Deep Learning-Based Crop Disease Detection and Prediction System},
  year = {2025},
  booktitle = {Proceedings of the 12th International Conference on Agricultural Technology},
  pages = {123-130},
  publisher = {Springer},
  address = {Berlin, Germany},
  url = {https://doi.org/10.1007/123456789},
  doi = {10.1007/123456789},
  abstract = {This paper presents a deep learning-based system for the detection and prediction of crop diseases. By leveraging convolutional neural networks (CNNs) and transfer learning techniques, the system classifies diseases from crop images with high accuracy, offering a promising tool for farmers to monitor plant health in real-time.}
}

@article{ref2,
  author = {Lee, Mark and Wang, Anna},
  title = {TensorFlow for Crop Disease Classification: A Practical Guide},
  year = {2024},
  journal = {Journal of Machine Learning in Agriculture},
  volume = {8},
  number = {2},
  pages = {45-56},
  doi = {10.1016/j.jmla.2024.04.001},
  url = {https://doi.org/10.1016/j.jmla.2024.04.001},
  abstract = {This article explores the use of TensorFlow in developing a crop disease classification system. The authors demonstrate how deep learning models, such as ResNet and EfficientNet, can be applied to crop disease datasets for accurate predictions and real-time applications.}
}

@misc{ref3,
  author = {Nguyen, Tan and Li, Michael},
  title = {Using Keras for Image Classification in Agriculture},
  year = {2023},
  month = nov,
  url = {https://www.kerastutorials.com/keras-crop-disease-classification},
  note = {Accessed: 2025-01-04},
  language = {en}
}

@book{ref4,
  author = {Brown, Sarah},
  title = {OpenCV for Agricultural Image Processing},
  year = {2023},
  publisher = {Packt Publishing},
  address = {Birmingham, UK},
  isbn = {978-1-8392-0192-0},
  abstract = {This book provides an introduction to image processing techniques using OpenCV for agriculture applications, focusing on crop disease detection. It includes step-by-step tutorials for processing plant images and preparing datasets for machine learning models.}
}

@misc{ref5,
  author = {Davis, Richard and Patel, Priya},
  title = {A Comprehensive Guide to TensorFlow in Agriculture},
  year = {2024},
  url = {https://www.tensorflow.org/guide/agriculture},
  note = {Accessed: 2025-01-04},
  language = {en}
}
